@article{hauser2012characterization,
  title={Characterization and greedy learning of interventional Markov equivalence classes of directed acyclic graphs},
  author={Hauser, Alain and B{\"u}hlmann, Peter},
  journal={The Journal of Machine Learning Research},
  volume={13},
  number={1},
  pages={2409--2464},
  year={2012},
  publisher={JMLR. org}
}